<record xmlns="http://www.loc.gov/MARC21/slim" xmlns:xsi="http://www.w3.org/2001/XMLSchema-instance" xsi:schemaLocation="http://www.loc.gov/MARC21/slim http://www.loc.gov/standards/marcxml/schema/MARC21slim.xsd"><leader>     nam a22        4500</leader><controlfield tag="001">3059112</controlfield><controlfield tag="003">NNC</controlfield><controlfield tag="006">m        d        </controlfield><controlfield tag="007">cr cn |||m|||a</controlfield><controlfield tag="008">150601s1951    le      ob    000 0 ara d</controlfield><datafield ind1=" " ind2=" " tag="040"><subfield code="a">NNU</subfield><subfield code="b">eng</subfield><subfield code="e">rda</subfield><subfield code="c">NNU</subfield></datafield><datafield ind1=" " ind2="4" tag="050"><subfield code="a">HQ671.5</subfield><subfield code="b">.F37</subfield></datafield><datafield ind1="1" ind2=" " tag="100"><subfield code="6">880-01</subfield><subfield code="a">Farru&#772;kh, &#699;Umar,</subfield><subfield code="d">1906-</subfield></datafield><datafield ind1="1" ind2="3" tag="245"><subfield code="6">880-02</subfield><subfield code="a">al-Usrah fi&#772; al-shar&#699; al-Isla&#772;mi&#772; :</subfield><subfield code="b">ma&#699;a lamh&#803;ah min ta&#772;ri&#772;kh al-tashri&#772;&#699; ila&#769; z&#803;uhu&#772;r al-Isla&#772;m /</subfield><subfield code="c">ta&#700;li&#772;f &#699;Umar Farru&#772;kh.</subfield></datafield><datafield ind1="1" ind2="4" tag="246"><subfield code="a">Family in Moslem jurisprudence, with a chapter on the history of jurisprudence from the earliest times to the rise of Islam</subfield></datafield><datafield ind1=" " ind2=" " tag="250"><subfield code="6">880-03</subfield><subfield code="a">al-T&#803;ab&#699;ah 1.</subfield></datafield><datafield ind1=" " ind2=" " tag="260"><subfield code="6">880-04</subfield><subfield code="a">Beirut :</subfield><subfield code="b">[al-Maktabah al&#699;Ilmi&#772;yah],</subfield><subfield code="c">1951.</subfield></datafield><datafield ind1=" " ind2=" " tag="300"><subfield code="a">online resource (190 pages)</subfield></datafield><datafield ind1=" " ind2=" " tag="336"><subfield code="a">text</subfield><subfield code="2">rdacontent</subfield></datafield><datafield ind1=" " ind2=" " tag="337"><subfield code="a">computer</subfield><subfield code="2">rdamedia</subfield></datafield><datafield ind1=" " ind2=" " tag="338"><subfield code="a">online resource</subfield><subfield code="2">rdacarrier</subfield></datafield><datafield ind1=" " ind2=" " tag="500"><subfield code="a">Part of the Arabic Collections Online (ACO) project, contributed by Columbia University Libraries.</subfield></datafield><datafield ind1=" " ind2=" " tag="504"><subfield code="a">Includes bibliographical references.</subfield></datafield><datafield ind1=" " ind2=" " tag="533"><subfield code="a">Electronic reproduction.</subfield><subfield code="b">New York, N.Y. :</subfield><subfield code="c">New York University,</subfield><subfield code="d">2015.</subfield><subfield code="5">NNU</subfield></datafield><datafield ind1=" " ind2="0" tag="650"><subfield code="a">Domestic relations (Islamic law)</subfield></datafield><datafield ind1=" " ind2="7" tag="650"><subfield code="a">Domestic relations (Islamic law)</subfield><subfield code="2">fast</subfield><subfield code="0">(OCoLC)fst00896681</subfield></datafield><datafield ind1="2" ind2=" " tag="710"><subfield code="a">Columbia University.</subfield><subfield code="b">Libraries.</subfield></datafield><datafield ind1="0" ind2=" " tag="730"><subfield code="a">Arabic Collections Online.</subfield></datafield><datafield ind1="0" ind2="8" tag="776"><subfield code="i">Online version:</subfield><subfield code="a">Farru&#772;kh, &#699;Umar, 1906-</subfield><subfield code="t">Usrah fi&#772; al-shar&#699; al-Isla&#772;mi&#772;.</subfield><subfield code="b">al-T&#803;ab&#699;ah 1.</subfield><subfield code="d">Bayru&#772;t : al-Maktabah al-&#699;Ilmi&#772;yah, 1951</subfield><subfield code="w">(OCoLC)560546305</subfield></datafield><datafield ind1="0" ind2="8" tag="776"><subfield code="i">Print version:</subfield><subfield code="a">Farru&#772;kh, &#699;Umar, 1906-</subfield><subfield code="t">al-Usrah fi&#772; al-shar&#699; al-Isla&#772;mi&#772;</subfield><subfield code="w">(NNC)3059112</subfield><subfield code="w">(DLC)   58047935 </subfield><subfield code="w">(OCoLC)15028151</subfield></datafield><datafield ind1="4" ind2="0" tag="856"><subfield code="u">http://hdl.handle.net/2333.1/t76hdtq3</subfield></datafield><datafield ind1="1" ind2=" " tag="880"><subfield code="6">100-01/r</subfield><subfield code="a">&#1601;&#1585;&#1608;&#1582;&#1548; &#1593;&#1605;&#1585;&#1548;,</subfield><subfield code="d">1906-</subfield></datafield><datafield ind1="1" ind2="2" tag="880"><subfield code="6">245-02/r</subfield><subfield code="a">&#1575;&#1604;&#1571;&#1587;&#1585;&#1577; &#1601;&#1610; &#1575;&#1604;&#1588;&#1585;&#1593; &#1575;&#1604;&#1575;&#1587;&#1604;&#1575;&#1605;&#1610; :</subfield><subfield code="b">&#1605;&#1593; &#1604;&#1605;&#1581;&#1577; &#1605;&#1606; &#1578;&#1575;&#1585;&#1610;&#1582; &#1575;&#1604;&#1578;&#1588;&#1585;&#1610;&#1593; &#1575;&#1604;&#1609; &#1592;&#1607;&#1608;&#1585; &#1575;&#1604;&#1575;&#1587;&#1604;&#1575;&#1605; /</subfield><subfield code="c">&#1578;&#1571;&#1604;&#1610;&#1601; &#1593;&#1605;&#1585; &#1601;&#1585;&#1608;&#1582;.</subfield></datafield><datafield ind1=" " ind2=" " tag="880"><subfield code="6">250-03/r</subfield><subfield code="a">&#1575;&#1604;&#1591;&#1576;&#1593;&#1577; 1.</subfield></datafield><datafield ind1=" " ind2=" " tag="880"><subfield code="6">260-04/r</subfield><subfield code="a">&#1576;&#1610;&#1585;&#1608;&#1578; :</subfield><subfield code="b">[&#1575;&#1604;&#1605;&#1603;&#1578;&#1576;&#1577; &#1575;&#1604;&#1593;&#1604;&#1605;&#1610;&#1577;]&#1548;</subfield><subfield code="c">1951.</subfield></datafield><datafield ind1=" " ind2=" " tag="959"><subfield code="a">NNU</subfield><subfield code="b">WEB</subfield><subfield code="c">GENI</subfield><subfield code="t">0</subfield><subfield code="m">Electronic access</subfield><subfield code="s">01</subfield></datafield><datafield ind1=" " ind2=" " tag="999"><subfield code="i">NNC_3059112</subfield><subfield code="o">(OCoLC)ocm15028151</subfield><subfield code="s">columbia_aco000502</subfield><subfield code="e">(ERROR-880)</subfield><subfield code="s">columbia_aco000502</subfield></datafield></record>